<?xml version="1.0" encoding="UTF-8"?><collection xmlns="http://www.loc.gov/MARC21/slim"><record><leader>00434nam--2200169-i-4500</leader><controlfield tag="001">000034458</controlfield><controlfield tag="002">20161230</controlfield><controlfield tag="005">20161230201040</controlfield><controlfield tag="008">060222s1000------------r-----000-0-eng-d</controlfield><datafield ind1=" " ind2=" " tag="040"><subfield code="a">IFIN-HH</subfield></datafield><datafield ind1=" " ind2=" " tag="080"><subfield code="a">538.9.001</subfield></datafield><datafield ind1="1" ind2=" " tag="110"><subfield code="a">Polskiej Akademii Nauk</subfield></datafield><datafield ind1="1" ind2="0" tag="245"><subfield code="a">Nonlocal theories of material systems</subfield></datafield><datafield ind1=" " ind2=" " tag="260"><subfield code="a">Wroclaw</subfield><subfield code="b">Polskiej Akademii Nauk</subfield><subfield code="c">1976</subfield></datafield><datafield ind1=" " ind2=" " tag="300"><subfield code="a">150P</subfield></datafield><datafield ind1=" " ind2=" " tag="852"><subfield code="a">45871</subfield><subfield code="c">539.2</subfield></datafield><datafield ind1=" " ind2=" " tag="CAT"><subfield code="a">Sys</subfield><subfield code="c">20121026</subfield><subfield code="h">141008</subfield></datafield></record></collection>